<?xml version="1.0" encoding="UTF-8" standalone="no"?><searchRetrieveResponse xmlns="http://www.loc.gov/zing/srw/">
  <version>1.2</version>
  <numberOfRecords>1133</numberOfRecords>
  <records>
    <record>
      <recordSchema>marcxml</recordSchema>
      <recordPacking>xml</recordPacking>
      <recordData>
        <record xmlns="http://www.loc.gov/MARC21/slim">
          <leader>00615nam a2200181uc 4500</leader>
          <controlfield tag="001">991146773719705501</controlfield>
          <controlfield tag="005">20201228212646.0</controlfield>
          <controlfield tag="008">020215s1860    xx           u000 0 und d</controlfield>
          <datafield ind1=" " ind2=" " tag="019">
            <subfield code="a">Unikatsaufnahme</subfield>
            <subfield code="5">NEBIS/Z01/02.10.2020</subfield>
          </datafield>
          <datafield ind1=" " ind2=" " tag="035">
            <subfield code="a">(swissbib)174426984-41slsp_network</subfield>
          </datafield>
          <datafield ind1=" " ind2=" " tag="035">
            <subfield code="a">174426984</subfield>
            <subfield code="9">ExL</subfield>
          </datafield>
          <datafield ind1=" " ind2=" " tag="035">
            <subfield code="a">(NEBIS)006458600EBI01</subfield>
          </datafield>
          <datafield ind1=" " ind2=" " tag="040">
            <subfield code="a">SzZuIDS NEBIS ALP-Liebefeld</subfield>
            <subfield code="d">CH-ZuSLS</subfield>
          </datafield>
          <datafield ind1="0" ind2="0" tag="245">
            <subfield code="a">"The honey-bee; its natural history, habits, anatomy and microscopical beauties"</subfield>
            <subfield code="c">J. Samuelson</subfield>
          </datafield>
          <datafield ind1=" " ind2="1" tag="264">
            <subfield code="a">London</subfield>
            <subfield code="b">John van Voorst</subfield>
            <subfield code="c">1860</subfield>
          </datafield>
          <datafield ind1=" " ind2=" " tag="720">
            <subfield code="a">Samuelson, J.</subfield>
          </datafield>
          <datafield ind1="0" ind2="1" tag="852">
            <subfield code="a">41SLSP_RRO</subfield>
            <subfield code="6">991001834729205525</subfield>
            <subfield code="9">P</subfield>
          </datafield>
          <datafield ind1=" " ind2=" " tag="900">
            <subfield code="a">IDSERE21BLIMPORT</subfield>
          </datafield>
          <datafield ind1=" " ind2=" " tag="900">
            <subfield code="a">IDSIxunikat</subfield>
          </datafield>
        </record>
      </recordData>
      <recordIdentifier>991146773719705501</recordIdentifier>
      <recordPosition>1</recordPosition>
    </record>