
    <record>
      <recordSchema>marcxml</recordSchema>
      <recordPacking>xml</recordPacking>
      <recordData>
        <record xmlns="http://www.loc.gov/MARC21/slim">
          <leader>01508njm a2200409 ca4500</leader>
          <controlfield tag="001">991033609619705501</controlfield>
          <controlfield tag="005">20201223203723.0</controlfield>
          <controlfield tag="007">sd z||g|||||||</controlfield>
          <controlfield tag="008">010605s1994    sw ||n              swe^^</controlfield>
          <datafield ind1="0" ind2="2" tag="028">
            <subfield code="a">MSCD 420</subfield>
          </datafield>
          <datafield ind1="0" ind2="2" tag="028">
            <subfield code="a">MSCD 421</subfield>
          </datafield>
          <datafield ind1=" " ind2=" " tag="035">
            <subfield code="a">(swissbib)03866061X-41slsp_network</subfield>
          </datafield>
          <datafield ind1=" " ind2=" " tag="035">
            <subfield code="a">03866061X</subfield>
            <subfield code="9">ExL</subfield>
          </datafield>
          <datafield ind1=" " ind2=" " tag="035">
            <subfield code="a">(IDSBB)002289445DSV01</subfield>
          </datafield>
          <datafield ind1=" " ind2=" " tag="040">
            <subfield code="a">SzZuIDS BS/BE A226</subfield>
            <subfield code="b">ger</subfield>
            <subfield code="e">kids</subfield>
            <subfield code="d">CH-ZuSLS</subfield>
          </datafield>
          <datafield ind1=" " ind2="7" tag="072">
            <subfield code="a">mu</subfield>
            <subfield code="2">SzZuIDS BS/BE</subfield>
          </datafield>
          <datafield ind1="1" ind2="4" tag="082">
            <subfield code="a">780</subfield>
            <subfield code="2">15</subfield>
          </datafield>
          <datafield ind1="1" ind2=" " tag="100">
            <subfield code="a">Bellman, Carl Michael</subfield>
            <subfield code="d">1740-1795</subfield>
          </datafield>
          <datafield ind1="1" ind2="0" tag="240">
            <subfield code="a">Fredmans epistlar</subfield>
            <subfield code="k">Ausw.</subfield>
          </datafield>
          <datafield ind1="1" ind2="0" tag="245">
            <subfield code="a">[Mollberg sat up in bed</subfield>
            <subfield code="b">; Trumps it is, I do believe ; O'er the misty park of haga] ...</subfield>
            <subfield code="c">Carl Michael Bellman</subfield>
          </datafield>
          <datafield ind1=" " ind2="1" tag="264">
            <subfield code="a">[Erscheinungsort nicht ermittelbar]</subfield>
            <subfield code="b">Musica Sveciae</subfield>
            <subfield code="c">1994</subfield>
          </datafield>
          <datafield ind1=" " ind2=" " tag="300">
            <subfield code="a">2 Compact Discs</subfield>
            <subfield code="e">1 Begleitheft</subfield>
          </datafield>
          <datafield ind1=" " ind2=" " tag="336">
            <subfield code="b">prm</subfield>
            <subfield code="2">rdacontent</subfield>
          </datafield>
          <datafield ind1=" " ind2=" " tag="337">
            <subfield code="b">s</subfield>
            <subfield code="2">rdamedia</subfield>
          </datafield>
          <datafield ind1=" " ind2=" " tag="338">
            <subfield code="b">sd</subfield>
            <subfield code="2">rdacarrier</subfield>
          </datafield>
          <datafield ind1="1" ind2=" " tag="490">
            <subfield code="a">Musica Sveciae</subfield>
          </datafield>
          <datafield ind1=" " ind2=" " tag="500">
            <subfield code="a">Aufnahme: 1920-1991</subfield>
          </datafield>
          <datafield ind1=" " ind2=" " tag="500">
            <subfield code="a">Enth.: 42 Lieder aus "Fredmans epistlar" und "Fredmans ånger"</subfield>
          </datafield>
          <datafield ind1="0" ind2=" " tag="511">
            <subfield code="a">Interpr.: Fred Åkerström, Anders Börje, Mikael Samuelson, Leif Bergman, Sven Scholander u.v.a</subfield>
          </datafield>
          <datafield ind1=" " ind2="7" tag="655">
            <subfield code="a">CD</subfield>
            <subfield code="2">gnd-carrier</subfield>
          </datafield>
          <datafield ind1="1" ind2="2" tag="700">
            <subfield code="a">Bellman, Carl Michael</subfield>
            <subfield code="d">1740-1795</subfield>
            <subfield code="t">Fredmans ånger</subfield>
            <subfield code="k">Ausw.</subfield>
          </datafield>
          <datafield ind1="1" ind2=" " tag="700">
            <subfield code="a">Åkerström, Fred</subfield>
          </datafield>
          <datafield ind1="1" ind2=" " tag="700">
            <subfield code="a">Börje, Anders</subfield>
          </datafield>
          <datafield ind1="1" ind2=" " tag="700">
            <subfield code="a">Samuelson, Mikael</subfield>
          </datafield>
          <datafield ind1="1" ind2=" " tag="700">
            <subfield code="a">Bergman, Leif</subfield>
          </datafield>
          <datafield ind1="1" ind2=" " tag="700">
            <subfield code="a">Scholander, Sven</subfield>
            <subfield code="d">1860-1936</subfield>
          </datafield>
          <datafield ind1=" " ind2=" " tag="830">
            <subfield code="a">Musica Sveciae</subfield>
            <subfield code="w">(IDSBB)002289422DSV01</subfield>
          </datafield>
          <datafield ind1="0" ind2="1" tag="852">
            <subfield code="a">41SLSP_UBS</subfield>
            <subfield code="6">9922894450105504</subfield>
            <subfield code="9">P</subfield>
          </datafield>
        </record>
      </recordData>
      <recordIdentifier>991033609619705501</recordIdentifier>
      <recordPosition>2</recordPosition>
    </record>