
    <record>
      <recordSchema>marcxml</recordSchema>
      <recordPacking>xml</recordPacking>
      <recordData>
        <record xmlns="http://www.loc.gov/MARC21/slim">
          <leader>01205nac a2200313 c 4500</leader>
          <controlfield tag="001">991035538339705501</controlfield>
          <controlfield tag="005">20201224021846.0</controlfield>
          <controlfield tag="007">cr |||||||||||</controlfield>
          <controlfield tag="008">060517i19702009sz            00| |dger^^</controlfield>
          <datafield ind1=" " ind2=" " tag="019">
            <subfield code="a">Hybride Titelaufnahme im Rahmen des DI-ZAS-Projekts</subfield>
            <subfield code="5">IDSBB/29.05.2020/A125</subfield>
          </datafield>
          <datafield ind1=" " ind2=" " tag="035">
            <subfield code="a">(swissbib)048991694-41slsp_network</subfield>
          </datafield>
          <datafield ind1=" " ind2=" " tag="035">
            <subfield code="a">048991694</subfield>
            <subfield code="9">ExL</subfield>
          </datafield>
          <datafield ind1=" " ind2=" " tag="035">
            <subfield code="a">(IDSBB)003907140DSV01</subfield>
          </datafield>
          <datafield ind1=" " ind2=" " tag="040">
            <subfield code="a">SzZuIDS BS/BE A125</subfield>
            <subfield code="e">kids</subfield>
            <subfield code="d">CH-ZuSLS</subfield>
          </datafield>
          <datafield ind1="1" ind2="4" tag="082">
            <subfield code="a">330</subfield>
            <subfield code="2">15</subfield>
          </datafield>
          <datafield ind1="0" ind2="0" tag="245">
            <subfield code="a">[Samuelson Paul Anthony (1915-2009)</subfield>
            <subfield code="p">Dokumentensammlung]</subfield>
          </datafield>
          <datafield ind1=" " ind2="0" tag="264">
            <subfield code="c">1970-2009</subfield>
          </datafield>
          <datafield ind1=" " ind2=" " tag="300">
            <subfield code="a">1 Mappe</subfield>
          </datafield>
          <datafield ind1=" " ind2=" " tag="336">
            <subfield code="b">txt</subfield>
            <subfield code="2">rdacontent</subfield>
          </datafield>
          <datafield ind1=" " ind2=" " tag="337">
            <subfield code="b">n</subfield>
            <subfield code="2">rdamedia</subfield>
          </datafield>
          <datafield ind1=" " ind2=" " tag="337">
            <subfield code="b">c</subfield>
            <subfield code="2">rdamedia</subfield>
          </datafield>
          <datafield ind1=" " ind2=" " tag="338">
            <subfield code="b">nc</subfield>
            <subfield code="2">rdacarrier</subfield>
          </datafield>
          <datafield ind1=" " ind2=" " tag="338">
            <subfield code="b">cr</subfield>
            <subfield code="2">rdacarrier</subfield>
          </datafield>
          <datafield ind1=" " ind2=" " tag="520">
            <subfield code="a">Paul Anthony Samuelson (1915-2009), Prof., Nationalökonom, Nobelpreisträger</subfield>
            <subfield code="5">IDSBB/23.02.2010/bs-swa/mba</subfield>
          </datafield>
          <datafield ind1=" " ind2=" " tag="520">
            <subfield code="a">Zeitungsausschnitte (1970-2009)</subfield>
            <subfield code="5">IDSBB/23.02.2010/bs-swa/mba</subfield>
          </datafield>
          <datafield ind1="1" ind2="7" tag="600">
            <subfield code="a">Samuelson, Paul Anthony</subfield>
            <subfield code="2">idsbb</subfield>
          </datafield>
          <datafield ind1=" " ind2=" " tag="856">
            <subfield code="u">https://ub-zas.ub.unibas.ch/popup?popupid=1_003907140</subfield>
            <subfield code="z">Onlinezugriff auf Volltext der einzelnen Zeitungsausschnitte, archiviert von Basel UB Wirtschaft - SWA</subfield>
          </datafield>
          <datafield ind1="0" ind2="1" tag="852">
            <subfield code="a">41SLSP_UBS</subfield>
            <subfield code="6">9939071400105504</subfield>
            <subfield code="9">E</subfield>
            <subfield code="9">P</subfield>
          </datafield>
          <datafield ind1=" " ind2=" " tag="900">
            <subfield code="a">IDSIxunikat</subfield>
          </datafield>
          <datafield ind1=" " ind2=" " tag="900">
            <subfield code="a">IDSIxhybrid-el</subfield>
          </datafield>
        </record>
      </recordData>
      <recordIdentifier>991035538339705501</recordIdentifier>
      <recordPosition>3</recordPosition>
    </record>