
    <record>
      <recordSchema>marcxml</recordSchema>
      <recordPacking>xml</recordPacking>
      <recordData>
        <record xmlns="http://www.loc.gov/MARC21/slim">
          <leader>02189nam  2200493Ii 4500</leader>
          <controlfield tag="001">991170619783905501</controlfield>
          <controlfield tag="005">20210323192959.0</controlfield>
          <controlfield tag="006">m     o  d |</controlfield>
          <controlfield tag="007">cr#-n---------</controlfield>
          <controlfield tag="008">000815s2005    enk     o     000 0 eng d</controlfield>
          <datafield ind1=" " ind2=" " tag="020">
            <subfield code="a">1-280-50859-0</subfield>
          </datafield>
          <datafield ind1=" " ind2=" " tag="020">
            <subfield code="a">9786610508594</subfield>
          </datafield>
          <datafield ind1=" " ind2=" " tag="020">
            <subfield code="a">1-84544-272-5</subfield>
          </datafield>
          <datafield ind1=" " ind2=" " tag="035">
            <subfield code="a">(CKB)1000000000032656</subfield>
          </datafield>
          <datafield ind1=" " ind2=" " tag="035">
            <subfield code="a">(EBL)233871</subfield>
          </datafield>
          <datafield ind1=" " ind2=" " tag="035">
            <subfield code="a">(OCoLC)191038893</subfield>
          </datafield>
          <datafield ind1=" " ind2=" " tag="035">
            <subfield code="a">(SSID)ssj0000671694</subfield>
          </datafield>
          <datafield ind1=" " ind2=" " tag="035">
            <subfield code="a">(PQKBManifestationID)11446497</subfield>
          </datafield>
          <datafield ind1=" " ind2=" " tag="035">
            <subfield code="a">(PQKBTitleCode)TC0000671694</subfield>
          </datafield>
          <datafield ind1=" " ind2=" " tag="035">
            <subfield code="a">(PQKBWorkID)10625471</subfield>
          </datafield>
          <datafield ind1=" " ind2=" " tag="035">
            <subfield code="a">(PQKB)10883434</subfield>
          </datafield>
          <datafield ind1=" " ind2=" " tag="035">
            <subfield code="a">(MiAaPQ)EBC233871</subfield>
          </datafield>
          <datafield ind1=" " ind2=" " tag="035">
            <subfield code="a">(EXLCZ)991000000000032656</subfield>
          </datafield>
          <datafield ind1=" " ind2=" " tag="040">
            <subfield code="a">MiAaPQ</subfield>
            <subfield code="c">MiAaPQ</subfield>
            <subfield code="d">MiAaPQ</subfield>
            <subfield code="b">eng</subfield>
            <subfield code="e">rda</subfield>
            <subfield code="d">UkShU</subfield>
          </datafield>
          <datafield ind1=" " ind2=" " tag="041">
            <subfield code="a">eng</subfield>
          </datafield>
          <datafield ind1=" " ind2="4" tag="050">
            <subfield code="a">HB171</subfield>
            <subfield code="b">.I68 v.32, no.4 2005</subfield>
          </datafield>
          <datafield ind1="0" ind2="0" tag="082">
            <subfield code="a">330</subfield>
          </datafield>
          <datafield ind1="0" ind2="0" tag="245">
            <subfield code="a">30 years of IJSE :</subfield>
            <subfield code="b">festschrift in honour of professor John O'Brien.</subfield>
            <subfield code="n">Part 5 /</subfield>
            <subfield code="c">guest editor: Barrie Pettman.</subfield>
          </datafield>
          <datafield ind1=" " ind2="1" tag="264">
            <subfield code="a">Bradford, England :</subfield>
            <subfield code="b">Emerald Group Publishing,</subfield>
            <subfield code="c">2005.</subfield>
          </datafield>
          <datafield ind1=" " ind2=" " tag="300">
            <subfield code="a">1 online resource (113 pages)</subfield>
          </datafield>
          <datafield ind1=" " ind2=" " tag="336">
            <subfield code="a">text</subfield>
            <subfield code="b">txt</subfield>
            <subfield code="2">rdacontent</subfield>
            <subfield code="2">rdacontent</subfield>
          </datafield>
          <datafield ind1=" " ind2=" " tag="337">
            <subfield code="a">computer</subfield>
            <subfield code="b">c</subfield>
            <subfield code="2">rdamedia</subfield>
          </datafield>
          <datafield ind1=" " ind2=" " tag="338">
            <subfield code="a">online resource</subfield>
            <subfield code="b">cr</subfield>
            <subfield code="2">rdacarrier</subfield>
          </datafield>
          <datafield ind1="1" ind2=" " tag="490">
            <subfield code="a">International journal of social economics ;</subfield>
            <subfield code="v">v. 32, no. 4</subfield>
          </datafield>
          <datafield ind1=" " ind2=" " tag="500">
            <subfield code="a">Description based upon print version of record.</subfield>
          </datafield>
          <datafield ind1="0" ind2=" " tag="505">
            <subfield code="a">Mathematics and academic finance: the role of paradigms -- The impact of alternative styles of policy leadership on the direction of local government reform -- Alternative paths to the transition process -- Paul A. Samuelson: philosopher and theorist -- Union duopoly with heterogeneous labour.</subfield>
          </datafield>
          <datafield ind1=" " ind2=" " tag="520">
            <subfield code="a">fundamental understanding of the worldviews underlying the views expressed withrespect to the nature of mathematics and its role. Four general views with respect tomathematics and its role in sciences, corresponding to four broad worldviews, arediscussed.</subfield>
          </datafield>
          <datafield ind1=" " ind2=" " tag="546">
            <subfield code="a">English</subfield>
          </datafield>
          <datafield ind1=" " ind2="0" tag="650">
            <subfield code="a">Economics.</subfield>
          </datafield>
          <datafield ind1=" " ind2="0" tag="650">
            <subfield code="a">Economics</subfield>
            <subfield code="x">Sociological aspects.</subfield>
          </datafield>
          <datafield ind1=" " ind2="0" tag="650">
            <subfield code="a">Social sciences.</subfield>
          </datafield>
          <datafield ind1="1" ind2=" " tag="700">
            <subfield code="a">Pettman, B. O.,</subfield>
            <subfield code="e">editor.</subfield>
          </datafield>
          <datafield ind1="1" ind2=" " tag="700">
            <subfield code="a">O'Brien, J. C.</subfield>
            <subfield code="q">(John Conway)</subfield>
          </datafield>
          <datafield ind1=" " ind2=" " tag="776">
            <subfield code="z">1-84544-110-9</subfield>
          </datafield>
          <datafield ind1=" " ind2="0" tag="830">
            <subfield code="a">International journal of social economics ;</subfield>
            <subfield code="v">v. 32, no. 4.</subfield>
          </datafield>
          <datafield ind1="0" ind2="1" tag="852">
            <subfield code="a">41SLSP_LIB</subfield>
            <subfield code="6">99116776092105522</subfield>
            <subfield code="9">E</subfield>
          </datafield>
          <datafield ind1=" " ind2=" " tag="906">
            <subfield code="a">BOOK</subfield>
          </datafield>
          <datafield ind1=" " ind2=" " tag="999">
            <subfield code="b">Fully catalogued</subfield>
            <subfield code="a">FULCAT</subfield>
          </datafield>
        </record>
      </recordData>
      <recordIdentifier>991170619783905501</recordIdentifier>
      <recordPosition>4</recordPosition>
    </record>