
    <record>
      <recordSchema>marcxml</recordSchema>
      <recordPacking>xml</recordPacking>
      <recordData>
        <record xmlns="http://www.loc.gov/MARC21/slim">
          <leader>00716naa a2200205 c 4500</leader>
          <controlfield tag="001">991068380119705501</controlfield>
          <controlfield tag="005">20201225102958.0</controlfield>
          <controlfield tag="008">090811s2014    xxu           00| | eng^^</controlfield>
          <datafield ind1=" " ind2=" " tag="035">
            <subfield code="a">(swissbib)067186777-41slsp_network</subfield>
          </datafield>
          <datafield ind1=" " ind2=" " tag="035">
            <subfield code="a">067186777</subfield>
            <subfield code="9">ExL</subfield>
          </datafield>
          <datafield ind1=" " ind2=" " tag="035">
            <subfield code="a">(IDSBB)006309857DSV01</subfield>
          </datafield>
          <datafield ind1=" " ind2=" " tag="040">
            <subfield code="a">SzZuIDS BS/BE A125</subfield>
            <subfield code="e">kids</subfield>
            <subfield code="d">CH-ZuSLS</subfield>
          </datafield>
          <datafield ind1=" " ind2="7" tag="072">
            <subfield code="a">bw</subfield>
            <subfield code="2">SzZuIDS BS/BE</subfield>
          </datafield>
          <datafield ind1="1" ind2="4" tag="082">
            <subfield code="a">650</subfield>
            <subfield code="2">15</subfield>
          </datafield>
          <datafield ind1="0" ind2="0" tag="245">
            <subfield code="a">30th anniversary issue: 1974-2004</subfield>
            <subfield code="c">Lo Samuelson ... [et al.]</subfield>
          </datafield>
          <datafield ind1=" " ind2=" " tag="336">
            <subfield code="b">txt</subfield>
            <subfield code="2">rdacontent</subfield>
          </datafield>
          <datafield ind1=" " ind2=" " tag="337">
            <subfield code="b">n</subfield>
            <subfield code="2">rdamedia</subfield>
          </datafield>
          <datafield ind1=" " ind2=" " tag="338">
            <subfield code="b">nc</subfield>
            <subfield code="2">rdacarrier</subfield>
          </datafield>
          <datafield ind1="1" ind2=" " tag="700">
            <subfield code="a">Samuelson, Lo</subfield>
          </datafield>
          <datafield ind1="0" ind2=" " tag="773">
            <subfield code="t">The journal of portfolio management</subfield>
            <subfield code="d">New York : Institutional Investor</subfield>
            <subfield code="g">September 2004</subfield>
            <subfield code="q">2004/9</subfield>
            <subfield code="g">yr:2004</subfield>
            <subfield code="g">no:30</subfield>
            <subfield code="w">(IDSBB)000059029DSV01</subfield>
          </datafield>
        </record>
      </recordData>
      <recordIdentifier>991068380119705501</recordIdentifier>
      <recordPosition>5</recordPosition>
    </record>