
    <record>
      <recordSchema>marcxml</recordSchema>
      <recordPacking>xml</recordPacking>
      <recordData>
        <record xmlns="http://www.loc.gov/MARC21/slim">
          <leader>00642nam a22001812c 4500</leader>
          <controlfield tag="001">991063599079705501</controlfield>
          <controlfield tag="005">20201227201357.0</controlfield>
          <controlfield tag="008">990902s1970    xxu           0|| | eng d</controlfield>
          <datafield ind1=" " ind2=" " tag="019">
            <subfield code="a">SPI Retro 277366</subfield>
          </datafield>
          <datafield ind1=" " ind2=" " tag="035">
            <subfield code="a">(swissbib)14602186X-41slsp_network</subfield>
          </datafield>
          <datafield ind1=" " ind2=" " tag="035">
            <subfield code="a">14602186X</subfield>
            <subfield code="9">ExL</subfield>
          </datafield>
          <datafield ind1=" " ind2=" " tag="035">
            <subfield code="a">(NEBIS)002403400EBI01</subfield>
          </datafield>
          <datafield ind1=" " ind2=" " tag="040">
            <subfield code="a">IDS NEBIS ETH-BIB</subfield>
            <subfield code="d">CH-ZuSLS</subfield>
          </datafield>
          <datafield ind1="0" ind2="0" tag="245">
            <subfield code="a">4 [Four] Days, 40 [Forty] Hours</subfield>
            <subfield code="b">reporting a revolution in work and leisure</subfield>
            <subfield code="c">ed. by Riva Poor ; foreword by Paul A. Samuelson</subfield>
          </datafield>
          <datafield ind1=" " ind2="1" tag="264">
            <subfield code="a">Cambridge - Mass.</subfield>
            <subfield code="b">Bursk &amp; Poor</subfield>
            <subfield code="c">1970</subfield>
          </datafield>
          <datafield ind1=" " ind2=" " tag="300">
            <subfield code="a">175 S.</subfield>
            <subfield code="e">[Beilage]: Abb., unpag. Heft</subfield>
          </datafield>
          <datafield ind1="1" ind2=" " tag="700">
            <subfield code="a">Poor, Riva</subfield>
          </datafield>
          <datafield ind1="0" ind2="1" tag="852">
            <subfield code="a">41SLSP_ETH</subfield>
            <subfield code="6">990024034000205503</subfield>
            <subfield code="9">P</subfield>
          </datafield>
          <datafield ind1=" " ind2=" " tag="900">
            <subfield code="a">IDSERSPIdummy</subfield>
          </datafield>
        </record>
      </recordData>
      <recordIdentifier>991063599079705501</recordIdentifier>
      <recordPosition>6</recordPosition>
    </record>