
    <record>
      <recordSchema>marcxml</recordSchema>
      <recordPacking>xml</recordPacking>
      <recordData>
        <record xmlns="http://www.loc.gov/MARC21/slim">
          <leader>01647nam  2200349 i 4500</leader>
          <controlfield tag="001">991170335464005501</controlfield>
          <controlfield tag="005">20170814170755.0</controlfield>
          <controlfield tag="006">m     o  d |</controlfield>
          <controlfield tag="007">cr||||||||||||</controlfield>
          <controlfield tag="008">170125t20122012onca    ob    001 0 eng d</controlfield>
          <datafield ind1=" " ind2=" " tag="020">
            <subfield code="a">1-282-25352-2</subfield>
          </datafield>
          <datafield ind1=" " ind2=" " tag="020">
            <subfield code="a">9786613814173</subfield>
          </datafield>
          <datafield ind1=" " ind2=" " tag="020">
            <subfield code="a">1-118-29450-5</subfield>
          </datafield>
          <datafield ind1=" " ind2=" " tag="020">
            <subfield code="a">1-118-34741-2</subfield>
          </datafield>
          <datafield ind1=" " ind2=" " tag="035">
            <subfield code="a">(CKB)2550000000103470</subfield>
          </datafield>
          <datafield ind1=" " ind2=" " tag="035">
            <subfield code="a">(StDuBDS)AH23094425</subfield>
          </datafield>
          <datafield ind1=" " ind2=" " tag="035">
            <subfield code="a">(SSID)ssj0000676571</subfield>
          </datafield>
          <datafield ind1=" " ind2=" " tag="035">
            <subfield code="a">(PQKBManifestationID)12340543</subfield>
          </datafield>
          <datafield ind1=" " ind2=" " tag="035">
            <subfield code="a">(PQKBTitleCode)TC0000676571</subfield>
          </datafield>
          <datafield ind1=" " ind2=" " tag="035">
            <subfield code="a">(PQKBWorkID)10685380</subfield>
          </datafield>
          <datafield ind1=" " ind2=" " tag="035">
            <subfield code="a">(PQKB)10583587</subfield>
          </datafield>
          <datafield ind1=" " ind2=" " tag="035">
            <subfield code="a">(MiAaPQ)EBC4180217</subfield>
          </datafield>
          <datafield ind1=" " ind2=" " tag="035">
            <subfield code="a">(CaSebORM)9781118291535</subfield>
          </datafield>
          <datafield ind1=" " ind2=" " tag="035">
            <subfield code="a">(EXLCZ)992550000000103470</subfield>
          </datafield>
          <datafield ind1=" " ind2=" " tag="040">
            <subfield code="a">MiAaPQ</subfield>
            <subfield code="b">eng</subfield>
            <subfield code="e">rda</subfield>
            <subfield code="e">pn</subfield>
            <subfield code="c">MiAaPQ</subfield>
            <subfield code="d">MiAaPQ</subfield>
          </datafield>
          <datafield ind1=" " ind2=" " tag="041">
            <subfield code="a">eng</subfield>
          </datafield>
          <datafield ind1=" " ind2=" " tag="043">
            <subfield code="a">n-us---</subfield>
          </datafield>
          <datafield ind1=" " ind2="4" tag="050">
            <subfield code="a">HG179</subfield>
            <subfield code="b">.M554 2012</subfield>
          </datafield>
          <datafield ind1=" " ind2="7" tag="072">
            <subfield code="a">ADV</subfield>
            <subfield code="2">ukslc</subfield>
          </datafield>
          <datafield ind1=" " ind2="7" tag="072">
            <subfield code="a">KF</subfield>
            <subfield code="2">bicssc</subfield>
          </datafield>
          <datafield ind1=" " ind2="7" tag="072">
            <subfield code="a">VSB</subfield>
            <subfield code="2">bicssc</subfield>
          </datafield>
          <datafield ind1=" " ind2="7" tag="072">
            <subfield code="a">VSR</subfield>
            <subfield code="2">bicssc</subfield>
          </datafield>
          <datafield ind1="0" ind2="4" tag="082">
            <subfield code="a">332.024014</subfield>
            <subfield code="2">23</subfield>
          </datafield>
          <datafield ind1=" " ind2=" " tag="090">
            <subfield code="a">HG179</subfield>
            <subfield code="b">.M4575 2012</subfield>
          </datafield>
          <datafield ind1="1" ind2=" " tag="100">
            <subfield code="a">Milevsky, Moshe Arye,</subfield>
            <subfield code="d">1967-</subfield>
            <subfield code="e">author.</subfield>
          </datafield>
          <datafield ind1="1" ind2="4" tag="245">
            <subfield code="a">The 7 most important equations for your retirement :</subfield>
            <subfield code="b">the fascinating people and ideas behind planning your retirement income /</subfield>
            <subfield code="c">Moshe A. Milevsky.</subfield>
          </datafield>
          <datafield ind1="3" ind2=" " tag="246">
            <subfield code="a">Seven most important equations for your retirement</subfield>
          </datafield>
          <datafield ind1=" " ind2=" " tag="250">
            <subfield code="a">1st edition</subfield>
          </datafield>
          <datafield ind1=" " ind2="1" tag="264">
            <subfield code="a">Mississauga, Ontario :</subfield>
            <subfield code="b">John Wiley &amp; Sons Canada, Ltd.,</subfield>
            <subfield code="c">2012.</subfield>
          </datafield>
          <datafield ind1=" " ind2="4" tag="264">
            <subfield code="c">©2012</subfield>
          </datafield>
          <datafield ind1=" " ind2=" " tag="300">
            <subfield code="a">1 online resource (1 v.)</subfield>
          </datafield>
          <datafield ind1=" " ind2=" " tag="336">
            <subfield code="a">text</subfield>
            <subfield code="b">txt</subfield>
          </datafield>
          <datafield ind1=" " ind2=" " tag="337">
            <subfield code="a">computer</subfield>
            <subfield code="b">c</subfield>
          </datafield>
          <datafield ind1=" " ind2=" " tag="338">
            <subfield code="a">online resource</subfield>
            <subfield code="b">cr</subfield>
          </datafield>
          <datafield ind1=" " ind2=" " tag="347">
            <subfield code="a">text file</subfield>
          </datafield>
          <datafield ind1="0" ind2=" " tag="505">
            <subfield code="a">Introduction: An Equation Can't Predict Your Future . . .But It Can Help You Plan for It 1 Chapter 1: How Long Will My Number Last? Equation #1: Leonardo Fibonacci (1170-1250) 7 Chapter 2: How Long Will I Spend in Retirement? Equation #2: Benjamin Gompertz (1779-1865) 31 Chapter 3: Is a Pension Annuity Worth It? Equation #3: Edmond Halley (1656-1742) 53 Chapter 4: What Is a Proper Spending Rate? Equation #4: Irving Fisher (1867-1947) 77 Chapter 5: How Much in Risky Stocks versus Safe Cash? Equation #5: Paul Samuelson (1915-2009) 101 Chapter 6: What Is Your Financial Legacy Today? Equation #6: Solomon S. Huebner (1882-1964) 125 Chapter 7: Is My Current Plan Sustainable? Equation #7: Andrei N. Kolmogorov (1903-1987) 151 Conclusion: Controversies, Omissions and Concluding Thoughts 175 Appendix: Crash Course on Natural and Unnatural Logarithms 179 References and Sources 185 Acknowledgments 195 About the Author 197 Short Poem by Maya Milevsky (age 11) 199 Index 201</subfield>
          </datafield>
          <datafield ind1="8" ind2=" " tag="520">
            <subfield code="a">This title argues that 21st-century retirement income planning is indeed a science and has its foundations in the work of great sages who made conceptual and controversial breakthroughs over the last eight centuries.</subfield>
            <subfield code="b">The 800 years of scientific breakthroughs that will help salvage your retirement plans Physics, Chemistry, Astronomy, Biology; every field has its intellectual giants who made breakthrough discoveries that changed the course of history. What about the topic of retirement planning? Is it a science? Or is retirement income planning just a collection of rules-of-thumb, financial products and sales pitches? In The 7 Most Important Equations for Your Retirement...And the Stories Behind Them Moshe Milevsky argues that twenty first century retirement income planning is indeed a science and has its foundations in the work of great sages who made conceptual and controversial breakthroughs over the last eight centuries. In the book Milevsky highlights the work of seven scholars-summarized by seven equations-who shaped all modern retirement calculations. He tells the stories of Leonardo Fibonnaci the Italian businessman; Benjamin Gompertz the gentleman actuary; Edmund Halley the astronomer; Irving Fisher the stock jock; Paul Samuelson the economic guru; Solomon Heubner the insurance and marketing visionary, and Andrey Kolmogorov the Russian mathematical genius-all giants in their respective fields who collectively laid the foundations for modern retirement income planning. With baby boomers starting to hit retirement age, planning for retirement income has become a hot topic across the country Author Moshe Milevsky is an internationally-respected financial expert with the knowledge you need to assess whether you are ready to retire or not Presents an entertaining, informative narrative approach to financial planning Understanding the ideas behind these seven foundation equations-which Moshe Milevsky explains in a manner that everyone can appreciate-will help baby boomers better prepare for retirement. This is a book unlike anything you have ever read on retirement planning. Think Suze Orman meets Stephen Hawking. If you ever wondered what the point of all that high school mathematics was, Moshe Milevsky's answer is: So that you can figure out how to retire...while you can still enjoy your money . From the introduction: An equation can't predict your future . . . But it can help you plan for it Most books about retirement planning are written as guides, instruction manuals or "how-to" books. The authors tell you what to do, when to do it, and what to expect. I know this quite well because I have authored many such tomes myself. Rest assured, this is not one of those books. This book tells stories which I hope will lead into conversations. It is a narrative involving seven people, their discoveries and the conceptual innovations that made it possible for you to stop working and enjoy the money you have accumulated, one day. These protagonists-or scientific heroes-didn't achieve their breakthroughs while hunched over a laboratory workbench, peering through a microscope or trekking through jungles. They made their discoveries sitting in front of a blank sheet of paper, but while thinking very carefully about life and money. And, like the greatest thinker of them all, Albert Einstein, they too expressed their discoveries using a very beautiful language called mathematics. Alas, the seven equations profiled in this book aren't as famous or as elegant as the simplicity of E = MC 2, but they are far more practical for your retirement. Yes, I know from many years of teaching experience that financial conversations are often dry and humorless. So I promise to do my best to lighten up the topic by keeping the technicalities to a minimum and focusing on the art. "Art," you say? Yes. In my mind, famous equations are like beautiful Picassos. Even if I don't quite understand the painting or the mathematics I can certainly appreciate the beauty and genius behind it. The seven equations presented in this book typify, at least for me, the conciseness, elegance and beauty that the best of the best equations demonstrate. By the end of this book, if you're not already inclined to appreciate mathematical equations for what they are, I hope you'll agree about the beauty.</subfield>
          </datafield>
          <datafield ind1=" " ind2=" " tag="533">
            <subfield code="a">Electronic reproduction.</subfield>
            <subfield code="c">Askews and Holts.</subfield>
            <subfield code="n">Mode of access: World Wide Web.</subfield>
          </datafield>
          <datafield ind1=" " ind2=" " tag="500">
            <subfield code="a">Bibliographic Level Mode of Issuance: Monograph</subfield>
          </datafield>
          <datafield ind1=" " ind2=" " tag="546">
            <subfield code="a">English</subfield>
          </datafield>
          <datafield ind1=" " ind2=" " tag="504">
            <subfield code="a">Includes bibliographical references and index.</subfield>
          </datafield>
          <datafield ind1=" " ind2=" " tag="588">
            <subfield code="a">Description based on print version record.</subfield>
          </datafield>
          <datafield ind1=" " ind2="0" tag="650">
            <subfield code="a">Retirement</subfield>
            <subfield code="x">Planning.</subfield>
          </datafield>
          <datafield ind1=" " ind2="0" tag="650">
            <subfield code="a">Financial planners</subfield>
            <subfield code="v">Anecdotes.</subfield>
          </datafield>
          <datafield ind1=" " ind2="4" tag="655">
            <subfield code="a">Electronic books.</subfield>
          </datafield>
          <datafield ind1=" " ind2=" " tag="776">
            <subfield code="z">1-118-29153-0</subfield>
          </datafield>
          <datafield ind1="0" ind2="1" tag="852">
            <subfield code="a">41SLSP_RZH</subfield>
            <subfield code="6">99116703548605526</subfield>
            <subfield code="9">E</subfield>
          </datafield>
          <datafield ind1="0" ind2="1" tag="852">
            <subfield code="a">41SLSP_ETH</subfield>
            <subfield code="6">99117198719005503</subfield>
            <subfield code="9">E</subfield>
          </datafield>
          <datafield ind1="0" ind2="1" tag="852">
            <subfield code="a">41SLSP_RZS</subfield>
            <subfield code="6">9914265858505505</subfield>
            <subfield code="9">E</subfield>
          </datafield>
          <datafield ind1="0" ind2="1" tag="852">
            <subfield code="a">41SLSP_LIB</subfield>
            <subfield code="6">99116710825905522</subfield>
            <subfield code="9">E</subfield>
          </datafield>
          <datafield ind1="0" ind2="1" tag="852">
            <subfield code="a">41SLSP_BFH</subfield>
            <subfield code="6">99116743754305513</subfield>
            <subfield code="9">E</subfield>
          </datafield>
          <datafield ind1="0" ind2="1" tag="852">
            <subfield code="a">41SLSP_UBS</subfield>
            <subfield code="6">9972350377005504</subfield>
            <subfield code="9">E</subfield>
          </datafield>
          <datafield ind1="0" ind2="1" tag="852">
            <subfield code="a">41SLSP_HES</subfield>
            <subfield code="6">991001954796805514</subfield>
            <subfield code="9">E</subfield>
          </datafield>
          <datafield ind1=" " ind2=" " tag="906">
            <subfield code="a">BOOK</subfield>
          </datafield>
        </record>
      </recordData>
      <recordIdentifier>991170335464005501</recordIdentifier>
      <recordPosition>7</recordPosition>
    </record>