
    <record>
      <recordSchema>marcxml</recordSchema>
      <recordPacking>xml</recordPacking>
      <recordData>
        <record xmlns="http://www.loc.gov/MARC21/slim">
          <leader>00756nam a2200217uc 4500</leader>
          <controlfield tag="001">991149142609705501</controlfield>
          <controlfield tag="005">20201231190800.0</controlfield>
          <controlfield tag="008">921123s1992    xxua     |||| 000 0 eng|^</controlfield>
          <datafield ind1=" " ind2=" " tag="020">
            <subfield code="a">0918684277</subfield>
          </datafield>
          <datafield ind1=" " ind2=" " tag="035">
            <subfield code="a">(swissbib)245418512-41slsp_network</subfield>
          </datafield>
          <datafield ind1=" " ind2=" " tag="035">
            <subfield code="a">245418512</subfield>
            <subfield code="9">ExL</subfield>
          </datafield>
          <datafield ind1=" " ind2=" " tag="035">
            <subfield code="a">(SBT)000770232SBT01</subfield>
          </datafield>
          <datafield ind1=" " ind2=" " tag="040">
            <subfield code="a">DLC</subfield>
            <subfield code="d">CH-ZuSLS</subfield>
          </datafield>
          <datafield ind1=" " ind2="7" tag="072">
            <subfield code="a">ba</subfield>
            <subfield code="2">rero</subfield>
          </datafield>
          <datafield ind1="1" ind2=" " tag="100">
            <subfield code="a">Cameron, Robert</subfield>
          </datafield>
          <datafield ind1="1" ind2="0" tag="245">
            <subfield code="a">Above Chicago</subfield>
            <subfield code="b">a new collection of historical and original aerial photographs of Chicago</subfield>
            <subfield code="c">by Robert Cameron ; with text by Tim Samuelson and Cheryl Kent</subfield>
          </datafield>
          <datafield ind1=" " ind2="1" tag="264">
            <subfield code="a">San Francisco, California</subfield>
            <subfield code="b">Cameron</subfield>
            <subfield code="c">1992</subfield>
          </datafield>
          <datafield ind1=" " ind2=" " tag="300">
            <subfield code="a">159 p.</subfield>
            <subfield code="b">ill.</subfield>
          </datafield>
          <datafield ind1="1" ind2="7" tag="600">
            <subfield code="a">Cameron, Robert</subfield>
            <subfield code="x">Fotografie aeree [di] Chicago</subfield>
            <subfield code="2">sbt12</subfield>
          </datafield>
          <datafield ind1="1" ind2=" " tag="700">
            <subfield code="a">Samuelson, Tim</subfield>
          </datafield>
          <datafield ind1="1" ind2=" " tag="700">
            <subfield code="a">Kent, Cheryl</subfield>
          </datafield>
          <datafield ind1="0" ind2="1" tag="852">
            <subfield code="a">41SLSP_USI</subfield>
            <subfield code="6">990007702320205507</subfield>
            <subfield code="9">P</subfield>
          </datafield>
        </record>
      </recordData>
      <recordIdentifier>991149142609705501</recordIdentifier>
      <recordPosition>9</recordPosition>
    </record>