
    <record>
      <recordSchema>marcxml</recordSchema>
      <recordPacking>xml</recordPacking>
      <recordData>
        <record xmlns="http://www.loc.gov/MARC21/slim">
          <leader>05135nam a22008295i 4500</leader>
          <controlfield tag="001">991170419158205501</controlfield>
          <controlfield tag="005">20190523123322.0</controlfield>
          <controlfield tag="006">m|||||o||d||||||||</controlfield>
          <controlfield tag="007">cr -n---------</controlfield>
          <controlfield tag="008">190523s2014    nju    fo  d z      eng d</controlfield>
          <datafield ind1=" " ind2=" " tag="020">
            <subfield code="a">1-4008-6489-5</subfield>
          </datafield>
          <datafield ind1="7" ind2=" " tag="024">
            <subfield code="a">10.1515/9781400864898</subfield>
            <subfield code="2">doi</subfield>
          </datafield>
          <datafield ind1=" " ind2=" " tag="035">
            <subfield code="a">(CKB)3710000000198715</subfield>
          </datafield>
          <datafield ind1=" " ind2=" " tag="035">
            <subfield code="a">(EBL)1700090</subfield>
          </datafield>
          <datafield ind1=" " ind2=" " tag="035">
            <subfield code="a">(SSID)ssj0001342858</subfield>
          </datafield>
          <datafield ind1=" " ind2=" " tag="035">
            <subfield code="a">(PQKBManifestationID)11790868</subfield>
          </datafield>
          <datafield ind1=" " ind2=" " tag="035">
            <subfield code="a">(PQKBTitleCode)TC0001342858</subfield>
          </datafield>
          <datafield ind1=" " ind2=" " tag="035">
            <subfield code="a">(PQKBWorkID)11298417</subfield>
          </datafield>
          <datafield ind1=" " ind2=" " tag="035">
            <subfield code="a">(PQKB)11404298</subfield>
          </datafield>
          <datafield ind1=" " ind2=" " tag="035">
            <subfield code="a">(MiAaPQ)EBC1700090</subfield>
          </datafield>
          <datafield ind1=" " ind2=" " tag="035">
            <subfield code="a">(OCoLC)899261324</subfield>
          </datafield>
          <datafield ind1=" " ind2=" " tag="035">
            <subfield code="a">(MdBmJHUP)muse40255</subfield>
          </datafield>
          <datafield ind1=" " ind2=" " tag="035">
            <subfield code="a">(DE-B1597)447776</subfield>
          </datafield>
          <datafield ind1=" " ind2=" " tag="035">
            <subfield code="a">(OCoLC)1013956295</subfield>
          </datafield>
          <datafield ind1=" " ind2=" " tag="035">
            <subfield code="a">(OCoLC)922696138</subfield>
          </datafield>
          <datafield ind1=" " ind2=" " tag="035">
            <subfield code="a">(DE-B1597)9781400864898</subfield>
          </datafield>
          <datafield ind1=" " ind2=" " tag="035">
            <subfield code="a">(EXLCZ)993710000000198715</subfield>
          </datafield>
          <datafield ind1=" " ind2=" " tag="040">
            <subfield code="a">DE-B1597</subfield>
            <subfield code="b">eng</subfield>
            <subfield code="c">DE-B1597</subfield>
            <subfield code="e">rda</subfield>
          </datafield>
          <datafield ind1=" " ind2=" " tag="041">
            <subfield code="a">eng</subfield>
          </datafield>
          <datafield ind1=" " ind2=" " tag="043">
            <subfield code="a">n-us---</subfield>
          </datafield>
          <datafield ind1=" " ind2=" " tag="044">
            <subfield code="a">nju</subfield>
            <subfield code="c">US-NJ</subfield>
          </datafield>
          <datafield ind1=" " ind2="4" tag="050">
            <subfield code="a">HB87</subfield>
            <subfield code="b">.B72 2014</subfield>
          </datafield>
          <datafield ind1=" " ind2="7" tag="072">
            <subfield code="a">BUS023000</subfield>
            <subfield code="2">bisacsh</subfield>
          </datafield>
          <datafield ind1="0" ind2="4" tag="082">
            <subfield code="a">330/.092/2</subfield>
            <subfield code="2">21</subfield>
          </datafield>
          <datafield ind1="1" ind2=" " tag="100">
            <subfield code="a">Breit, William,</subfield>
            <subfield code="e">author.</subfield>
          </datafield>
          <datafield ind1="1" ind2="4" tag="245">
            <subfield code="a">The Academic Scribblers /</subfield>
            <subfield code="c">William Breit, Roger L. Ransom.</subfield>
          </datafield>
          <datafield ind1=" " ind2=" " tag="250">
            <subfield code="a">Third edition with a New foreword by Robert M. Solow</subfield>
          </datafield>
          <datafield ind1=" " ind2="1" tag="264">
            <subfield code="a">Princeton, NJ :</subfield>
            <subfield code="b">Princeton University Press,</subfield>
            <subfield code="c">[2014]</subfield>
          </datafield>
          <datafield ind1=" " ind2="4" tag="264">
            <subfield code="c">©1999</subfield>
          </datafield>
          <datafield ind1=" " ind2=" " tag="300">
            <subfield code="a">1 online resource (301 p.)</subfield>
          </datafield>
          <datafield ind1=" " ind2=" " tag="336">
            <subfield code="a">text</subfield>
            <subfield code="b">txt</subfield>
          </datafield>
          <datafield ind1=" " ind2=" " tag="337">
            <subfield code="a">computer</subfield>
            <subfield code="b">c</subfield>
          </datafield>
          <datafield ind1=" " ind2=" " tag="338">
            <subfield code="a">online resource</subfield>
            <subfield code="b">cr</subfield>
          </datafield>
          <datafield ind1="0" ind2=" " tag="490">
            <subfield code="a">Princeton Legacy Library</subfield>
          </datafield>
          <datafield ind1=" " ind2=" " tag="546">
            <subfield code="a">English</subfield>
          </datafield>
          <datafield ind1=" " ind2=" " tag="500">
            <subfield code="a">Reprint. Originally published: 1998.</subfield>
          </datafield>
          <datafield ind1=" " ind2=" " tag="504">
            <subfield code="a">Includes bibliographical references and indexes.</subfield>
          </datafield>
          <datafield ind1="0" ind2="0" tag="505">
            <subfield code="t">Frontmatter --</subfield>
            <subfield code="t">CONTENTS --</subfield>
            <subfield code="t">Foreword /</subfield>
            <subfield code="r">Solow, Robert M. --</subfield>
            <subfield code="t">Preface to the First Edition --</subfield>
            <subfield code="t">Preface to the Second Edition --</subfield>
            <subfield code="t">Chapter 1. Introduction --</subfield>
            <subfield code="t">PART ONE. THE PILLARS OF NEOCLASSICAL ECONOMICS --</subfield>
            <subfield code="t">Chapter 2. The Intellectual Gantry of Neoclassical Economic Policy --</subfield>
            <subfield code="t">Chapter 3. Alfred Marshall- Exemplar of Neoclassical Economic Thought --</subfield>
            <subfield code="t">PART TWO. THE ECLIPSE OF NEOCLASSICAL ECONOMICS --</subfield>
            <subfield code="t">Chapter 4. Thorstein Veblen-The Abrogation of Consumer Sovereignty --</subfield>
            <subfield code="t">Chapter 5. Arthur Cecil Pigou-Externalities in Production --</subfield>
            <subfield code="t">Chapter 6. Edward Hastings Chamberlin-The Wastes of Competition --</subfield>
            <subfield code="t">Chapter 7. John Maynard Keynes-Unemployment in Equilibrium --</subfield>
            <subfield code="t">PART THREE. THE NEW ECONOMICS --</subfield>
            <subfield code="t">Chapter 8. Alvin H. Hansen-The American Keynes --</subfield>
            <subfield code="t">Chapter 9. Paul A. Samuelson-From Economic Wunderkind to Policymaker --</subfield>
            <subfield code="t">Chapter 10. Abba P. Lerner-The Artist as Economist --</subfield>
            <subfield code="t">Chapter 11. John Kenneth Galbraith-Economist as Social Critic --</subfield>
            <subfield code="t">PART FOUR. THE NEW NEOCLASSICISM --</subfield>
            <subfield code="t">Chapter 12. Frank H. Knight-Philosopher of the Counterrevolution in Economics --</subfield>
            <subfield code="t">Chapter 13. Henry C. Simons-Radical Proponent of Laissez-faire --</subfield>
            <subfield code="t">Chapter 14. Milton Friedman-Classical Liberal as Economic Scientist --</subfield>
            <subfield code="t">Chapter 15. Conclusion --</subfield>
            <subfield code="t">Afterword: The Academic Scribblers after Twenty-Five Years /</subfield>
            <subfield code="r">Breit, William / Ransom, Roger L. --</subfield>
            <subfield code="t">NAME INDEX --</subfield>
            <subfield code="t">SUBJECT INDEX</subfield>
          </datafield>
          <datafield ind1=" " ind2=" " tag="520">
            <subfield code="a">The Academic Scribblers offers a thoughtful and highly literate summary of modern economic thought. It presents the story of economics through the lives of twelve major modern economists, beginning with Alfred Marshall and concluding with Paul Samuelson and Milton Friedman. In a very real sense, this book picks up where Robert Heilbroner's classic The Wordly Philosophers leaves off. Whereas Heilbroner begins with Smith and ends with Joseph Schumpeter, Breit and Ransom bring the story of modern American and British economic theory up to the 1980s. The Academic Scribblers is an elegant summary of modern economic policy debate and an enticement into a happy engagement with the "dismal science" of economics."Originally published in 1998.The Princeton Legacy Library uses the latest print-on-demand technology to again make available previously out-of-print books from the distinguished backlist of Princeton University Press. These paperback editions preserve the original texts of these important books while presenting them in durable paperback editions. The goal of the Princeton Legacy Library is to vastly increase access to the rich scholarly heritage found in the thousands of books published by Princeton University Press since its founding in 1905.</subfield>
          </datafield>
          <datafield ind1="0" ind2=" " tag="588">
            <subfield code="a">Description based on online resource; title from PDF title page (publisher's Web site, viewed 23. Mai 2019)</subfield>
          </datafield>
          <datafield ind1=" " ind2="0" tag="650">
            <subfield code="a">Economists</subfield>
            <subfield code="z">United States</subfield>
            <subfield code="v">Biography.</subfield>
          </datafield>
          <datafield ind1=" " ind2="0" tag="650">
            <subfield code="a">Economics</subfield>
            <subfield code="z">United States</subfield>
            <subfield code="x">History</subfield>
            <subfield code="y">20th century.</subfield>
          </datafield>
          <datafield ind1=" " ind2="0" tag="650">
            <subfield code="a">Economists</subfield>
            <subfield code="v">Biography.</subfield>
          </datafield>
          <datafield ind1=" " ind2="0" tag="650">
            <subfield code="a">Economics</subfield>
            <subfield code="x">History</subfield>
            <subfield code="y">20th century.</subfield>
          </datafield>
          <datafield ind1=" " ind2="4" tag="655">
            <subfield code="a">Electronic books.</subfield>
          </datafield>
          <datafield ind1="1" ind2=" " tag="700">
            <subfield code="a">Ransom, Roger L.,</subfield>
            <subfield code="e">author.</subfield>
          </datafield>
          <datafield ind1="1" ind2=" " tag="700">
            <subfield code="a">Solow, Robert M.</subfield>
          </datafield>
          <datafield ind1=" " ind2=" " tag="776">
            <subfield code="z">0-691-05986-1</subfield>
          </datafield>
          <datafield ind1=" " ind2=" " tag="776">
            <subfield code="z">0-691-60551-3</subfield>
          </datafield>
          <datafield ind1=" " ind2="0" tag="830">
            <subfield code="a">Princeton legacy library.</subfield>
          </datafield>
          <datafield ind1="0" ind2="1" tag="852">
            <subfield code="a">41SLSP_UBE</subfield>
            <subfield code="6">99117169889105511</subfield>
            <subfield code="9">E</subfield>
          </datafield>
          <datafield ind1="0" ind2="1" tag="852">
            <subfield code="a">41SLSP_RZS</subfield>
            <subfield code="6">9914258180105505</subfield>
            <subfield code="9">E</subfield>
          </datafield>
          <datafield ind1="0" ind2="1" tag="852">
            <subfield code="a">41SLSP_LIB</subfield>
            <subfield code="6">99116729052305522</subfield>
            <subfield code="9">E</subfield>
          </datafield>
          <datafield ind1="0" ind2="1" tag="852">
            <subfield code="a">41SLSP_UBS</subfield>
            <subfield code="6">9972336775305504</subfield>
            <subfield code="9">E</subfield>
          </datafield>
          <datafield ind1=" " ind2=" " tag="906">
            <subfield code="a">BOOK</subfield>
          </datafield>
        </record>
      </recordData>
      <recordIdentifier>991170419158205501</recordIdentifier>
      <recordPosition>10</recordPosition>
    </record>
  </records>
  <nextRecordPosition>11</nextRecordPosition>
  <extraResponseData xmlns:xb="http://www.exlibris.com/repository/search/xmlbeans/">
    <xb:exact>true</xb:exact>
    <xb:responseDate>2021-10-04T19:49:54+0200</xb:responseDate>
  </extraResponseData>
</searchRetrieveResponse>
